ISA*00*          *00*          *08*TPTESTUS00     *ZZ*TESTCOMP       *191029*1900*:*00501*820101047*0*P*>
GS*RA*TPTESTUS00*TESTCOMP*20191029*1900*820101047*X*005010
ST*820*101053
BPR*I*21298.97*C*CHK************20191029*VEN
TRN*3*4529952
CUR*PR*USD
N1*PR*MART INC.*UL*1238742000008
N1*PE*Test Company, LLC
REF*IA*446963
ENT*1
RMR*IV*26801*PO*4408.75*4650.41*97.9
REF*DP*00040
REF*MR*0033
REF*PO*1016071221
REF*MC*858008293
REF*19*07
REF*ST*0078742031897
DTM*097*20190904
ADX*-143.76*59*CM*26801
REF*6O*022
REF*MC*000000025
RMR*IV*26927*PO*4653.84*4753.92*100.08
REF*DP*00040
REF*MR*0033
REF*PO*3016440142
REF*MC*884600831
REF*19*07
REF*ST*0078742029733
DTM*097*20190910
RMR*IV*26935*PO*4413.11*4508.02*94.91
REF*DP*00040
REF*MR*0020
REF*PO*5316490001
REF*MC*884600839
REF*19*07
REF*ST*0078742038599
DTM*097*20190910
RMR*IV*27009*PO*2276.1*2323.53*47.43
REF*DP*00002
REF*MR*0033
REF*PO*5719877330
REF*MC*888309454
REF*19*07
REF*ST*0078742041360
DTM*097*20190911
RMR*IV*27018*PO*2276.1*2323.53*47.43
REF*DP*00002
REF*MR*0033
REF*PO*7514988202
REF*MC*888309461
REF*19*07
REF*ST*0078742028200
DTM*097*20190911
RMR*IV*27028*PO*1264.5*1290.85*26.35
REF*DP*00002
REF*MR*0033
REF*PO*8614957942
REF*MC*888309470
REF*19*07
REF*ST*0078742030098
DTM*097*20190911
RMR*IV*27029*PO*2006.57*2049.72*43.15
REF*DP*00040
REF*MR*0020
REF*PO*8616050842
REF*MC*888400008
REF*19*07
REF*ST*0078742028200
DTM*097*20190911
SE*68*101053
GE*1*820101047
IEA*1*820101047
